
@inproceedings{national2023diversity,
	title={Diversity and STEM: Women, Minorities, and Persons with Disabilities 2023},
	author={National Center for Science and Engineering Statistics},
	booktitle={Special Report NSF 23-315.},
	year={2023},
	publisher={National Science Foundation}
}
