@inproceedings{delorenzo2019applications,
  title={Applications of the Quantum Algorithm for st-Connectivity},
  author={DeLorenzo, Kai and Kimmel, Shelby and Witter, R Teal},
  booktitle={Conference on the Theory of Quantum Computation, Communication and Cryptography},
  year={2019},
}

@inproceedings{kimmel2021query,
  title={A Query-Efficient Quantum Algorithm for Maximum Matching on General Graphs},
  author={Kimmel, Shelby and Witter, R Teal},
  booktitle={Algorithms and Data Structures Symposium},
  pages={543--555},
  year={2021}
}

@inproceedings{witter2020applications,
  title={Applications of Graph Theory and Probability in the Board Game Ticket to Ride},
  author={Witter*, R Teal and Lyford, Alex},
  booktitle={International Conference on the Foundations of Digital Games},
  year={2020}
}

@inproceedings{witter2021backgammon,
  title={Backgammon is Hard},
  author={Witter, R Teal},
  booktitle={International Conference on Combinatorial Optimization and Applications},
  year={2021}
}

@inproceedings{musco2022quantify,
  title={How to Quantify Polarization in Models of Opinion Dynamics},
  author={Musco, Christopher and Ramesh, Indu and Ugander, Johan and Witter, R Teal},
  booktitle={International Workshop on Mining and Learning with Graphs},
  year={2022}
}

@inproceedings{hellerstein2022adaptivity,
  title={Adaptivity Gaps for the Stochastic Boolean Function Evaluation Problem},
  author={Hellerstein, Lisa and Kletenik, Devorah and Liu, Naifeng and Witter, R Teal},
  booktitle={Workshop on Approximation and Online Algorithms},
  year={2022}
}

@inproceedings{rosenblatt2023counterfactual,
  title={Counterfactual Fairness Is Basically Demographic Parity},
  author={Rosenblatt, Lucas and Witter, R Teal},
  booktitle={AAAI Conference on Artificial Intelligence},
  year={2023}
}

@inproceedings{hellerstein2022local,
  title={A Local Search Algorithm for the Min-Sum Submodular Cover Problem},
  author={Hellerstein, Lisa and Lidbetter, Thomas and Witter, R Teal},
  booktitle={International Symposium on Algorithms and Computation},
  year={2022}
}

@inproceedings{czekanski2023robust,
  title={Robust and Space-Efficient Dual Adversary Quantum Query Algorithms},
  author={Czekanski, Michael and Kimmel, Shelby and Witter, R Teal},
  booktitle={European Symposium on Algorithms},
  year={2023}
}

@inproceedings{witter2024i,
  title={I Open at the Close: A Deep Reinforcement Learning Evaluation of Open Streets Initiatives},
  author={Witter*, R Teal and Rosenblatt, Lucas},
  booktitle={AAAI Conference on Artificial Intelligence},
  year={2024}
}